<record><leader>00000cas a2200000 a 4500</leader><controlfield tag="001">2266778</controlfield><controlfield tag="008">760620d19uu1960pauwr ne      0    0eng c</controlfield><datafield ind1=" " ind2=" " tag="010"><subfield code="a">sn 85055129 </subfield></datafield><datafield ind1=" " ind2=" " tag="040"><subfield code="a">PIT</subfield><subfield code="b">eng</subfield><subfield code="c">PIT</subfield><subfield code="d">NPH</subfield><subfield code="d">NYS</subfield><subfield code="d">NVF</subfield><subfield code="d">NYS</subfield><subfield code="d">OCLCQ</subfield><subfield code="d">OCLCF</subfield><subfield code="d">OCLCO</subfield></datafield><datafield ind1="1" ind2=" " tag="029"><subfield code="a">AU@</subfield><subfield code="b">000004532420</subfield></datafield><datafield ind1=" " ind2=" " tag="042"><subfield code="a">pcc</subfield></datafield><datafield ind1=" " ind2=" " tag="043"><subfield code="a">n-us-pa</subfield></datafield><datafield ind1="0" ind2="0" tag="245"><subfield code="a">Reading labor advocate.</subfield></datafield><datafield ind1=" " ind2=" " tag="260"><subfield code="a">Reading, Pa. :</subfield><subfield code="b">C.A. Maurer</subfield></datafield><datafield ind1=" " ind2=" " tag="300"><subfield code="a">v.</subfield></datafield><datafield ind1=" " ind2=" " tag="310"><subfield code="a">Weekly</subfield></datafield><datafield ind1="1" ind2=" " tag="362"><subfield code="a">Began in 1900.</subfield></datafield><datafield ind1="0" ind2=" " tag="362"><subfield code="a">-v. 63, no. 13 (Oct. 7, 1960).</subfield></datafield><datafield ind1=" " ind2=" " tag="500"><subfield code="a">Publisher: Reading Publishing Co-operative Association, &lt;May 9, 1958&gt;-</subfield></datafield><datafield ind1=" " ind2=" " tag="500"><subfield code="a">Devoted to the interest of all the workers."</subfield></datafield><datafield ind1=" " ind2=" " tag="515"><subfield code="a">Issue for Mar. 27, 1915 called also new v. 1, no. 33.</subfield></datafield><datafield ind1=" " ind2=" " tag="550"><subfield code="a">Official organ of Federated Trades Council and Affiliated Unions, Local Berks County Socialist Party.</subfield></datafield><datafield ind1=" " ind2=" " tag="588"><subfield code="a">Description based on: Vol. 14, no. 51 (Mar. 27, 1915).</subfield></datafield><datafield ind1=" " ind2="0" tag="650"><subfield code="a">Socialism</subfield><subfield code="z">Pennsylvania</subfield><subfield code="v">Newspapers.</subfield></datafield><datafield ind1=" " ind2="0" tag="651"><subfield code="a">Reading (Pa.)</subfield><subfield code="v">Newspapers.</subfield></datafield><datafield ind1=" " ind2="0" tag="651"><subfield code="a">Berks County (Pa.)</subfield><subfield code="v">Newspapers.</subfield></datafield><datafield ind1=" " ind2="7" tag="655"><subfield code="a">Newspapers.</subfield><subfield code="2">fast</subfield><subfield code="0">(OCoLC)fst01423814</subfield></datafield><datafield ind1=" " ind2="7" tag="650"><subfield code="a">Socialism.</subfield><subfield code="2">fast</subfield><subfield code="0">(OCoLC)fst01123637</subfield></datafield><datafield ind1=" " ind2="7" tag="651"><subfield code="a">Pennsylvania.</subfield><subfield code="2">fast</subfield><subfield code="0">(OCoLC)fst01204598</subfield></datafield><datafield ind1=" " ind2="7" tag="651"><subfield code="a">Pennsylvania</subfield><subfield code="z">Berks County.</subfield><subfield code="2">fast</subfield><subfield code="0">(OCoLC)fst01209226</subfield></datafield><datafield ind1=" " ind2="7" tag="651"><subfield code="a">Pennsylvania</subfield><subfield code="z">Reading.</subfield><subfield code="2">fast</subfield><subfield code="0">(OCoLC)fst01202803</subfield></datafield><datafield ind1="2" ind2=" " tag="710"><subfield code="a">Socialist Party (Pa.).</subfield><subfield code="b">Berks Co. Local.</subfield></datafield><datafield ind1=" " ind2=" " tag="752"><subfield code="a">United States</subfield><subfield code="b">Pennsylvania</subfield><subfield code="c">Berks</subfield><subfield code="d">Reading.</subfield></datafield><datafield ind1="0" ind2="4" tag="785"><subfield code="t">New America</subfield></datafield></record>